@article{arbius,
  title={Arbius: A Decentralized Machine Learning Network with Economic Incentive},
  author={Kasumi},
  year={2023},
  month={January}
}

@misc{unicrow,
  title={Unicrow: Unstoppable Escrow},
  author={Unicrow Team},
  year={2023}
}

@article{hayek1945use,
  title={The Use of Knowledge in Society},
  author={Hayek, Friedrich A},
  journal={The American Economic Review},
  volume={35},
  number={4},
  pages={519--530},
  year={1945},
  publisher={JSTOR}
}

@book{menger1871principles,
  title={Principles of Economics},
  author={Menger, Carl},
  year={1871},
  publisher={Ludwig von Mises Institute},
  note={English translation published in 1981}
}

@book{mises1990economic,
  title={Economic Calculation in the Socialist Commonwealth},
  author={von Mises, Ludwig},
  year={1990},
  publisher={Ludwig von Mises Institute},
  note={Originally published in 1920 as "Die Wirtschaftsrechnung im sozialistischen Gemeinwesen"}
}

@book{kirzner1973competition,
  title={Competition and Entrepreneurship},
  author={Kirzner, Israel M},
  year={1973},
  publisher={University of Chicago Press},
  address={Chicago}
}
